@book{swift-book,
    author =    {Apple Inc.},
    title =     {The Swift Programming Language (Swift 5.7)},
    publisher = {Apple Inc.},
    year =      {2014}
}

@misc{swift-docs,
    author =    {Apple Inc.},
    title =     {{The Swift Programming Language (5.10 beta)}},
    publisher = {Apple Inc.},
    note =      {Accessed: 14 Feb 2024},
    howpublished = {\url{https://docs.swift.org/swift-book/documentation/the-swift-programming-language/automaticreferencecounting/}}
}

@book{protocol-oriented,
    author =    {Jon Hoffman},
    title =     {Swift Protocol-Oriented Programming: Increase productivity and build faster applications with Swift 5, 4th Edition},
    publisher = {Packt Publishing},
    year =      2019
}

@misc{async-await-proposal,
    author =    {John McCall and Doug Gregor},
    title =     {Async/await},
    publisher = {Apple Inc.},
    howpublished = {\url{https://github.com/apple/swift-evolution/blob/main/proposals/0296-async-await.md}},
    note =      {Accessed: 17 Feb 2024},
    year =      2022
}

@misc{structured-concurrency-proposal,
    author =    {John McCall and Joe Groff and Doug Gregor and Konrad Malawski},
    title =     {Structured concurrency},
    publisher = {Apple Inc.},
    howpublished = {\url{https://github.com/apple/swift-evolution/blob/main/proposals/0296-async-await.md}},
    note =      {Accessed: 17 Feb 2024},
    year =      2022
}

@misc{actors-proposal,
    author =    {John McCall and Doug Gregor and Konrad Malawski and Chris Lattner},
    title =     {Actors},
    publisher = {Apple Inc.},
    howpublished = {\url{https://github.com/apple/swift-evolution/blob/main/proposals/0306-actors.md}},
    note =      {Accessed: 18 Feb 2024},
    year =      2022
}

@misc{sendable-proposal,
    author =    "Chris Lattner and Doug Gregor",
    title =     {{Sendable and @Sendable closures}},
    publisher = {Apple Inc.},
    howpublished = {\url{https://github.com/apple/swift-evolution/blob/main/proposals/0302-concurrent-value-and-concurrent-closures.md}},
    note =      "Accessed: 19 Feb 2024",
    year =      2022
}

@misc{vapor-docs,
    author =    {Tim Condon and Gwynne Rasking and others},
    title =     {{Vapor Documentation}},
    howpublished = {\url{https://docs.vapor.codes/}},
    note =      {Accessed: 21 Feb 2024}
}

@misc{open-source-apple,
    author =    {Apple Inc.},
    title =     {{Open Source at Apple}},
    howpublished = {\url{https://opensource.apple.com}}
}

@book{java-networks,
   title =      {Java Network Programming, 3rd Edition},
   author =     {Elliotte Rusty Harold},
   publisher =  {O'Reilly Media},
   isbn =       {9780596007218; 0596007213},
   year =       {2004}
}

@misc{swiftnio-docs,
    author =    {Apple Inc.},
    title =     {{SwiftNIO Documentation}},
    howpublished = {\url{https://swiftpackageindex.com/apple/swift-nio/2.63.0/documentation/nio}}
}

@book{kuepper-microservices,
    author =    {Ralph Kuepper and Tanner Nelson},
    title =     {Hands-On Swift 5 Microservices Development},
    publisher = {Packt Publishing},
    isbn =      {9781789530889},
    year =      {2020}
}

@book{chapman-auth,
   title =      {Authentication and Authorization on the Web},
   author =     {Nigel Chapman and Jenny Chapman},
   publisher =  {MacAvon Media},
   isbn =       {0956737056; 9780956737052},
   year =       {2012},
   series =     {Web Security Topics}
}

@misc{rfc7519-jwt,
    series =    {Request for Comments},
    number =    7519,
    howpublished =  {RFC 7519},
    publisher = {RFC Editor},
    doi =       {10.17487/RFC7519},
    url =       {https://www.rfc-editor.org/info/rfc7519},
    author =    {Michael B. Jones and John Bradley and Nat Sakimura},
    title =     {{JSON Web Token (JWT)}},
    pagetotal = 30,
    year =      2015,
    month =     may
}
@misc{rfc8259-json,
    series =    {Request for Comments},
    number =    8259,
    howpublished =  {RFC 8259},
    publisher = {RFC Editor},
    doi =       {10.17487/RFC8259},
    url =       {https://www.rfc-editor.org/info/rfc8259},
    author =    {Tim Bray},
    title =     {{The JavaScript Object Notation (JSON) Data Interchange Format}},
    pagetotal = 16,
    year =      2017,
    month =     dec
}

@misc{rfc4648-b64,
    series =    {Request for Comments},
    number =    4648,
    howpublished =  {RFC 4648},
    publisher = {RFC Editor},
    doi =       {10.17487/RFC4648},
    url =       {https://www.rfc-editor.org/info/rfc4648},
    author =    {Simon Josefsson},
    title =     {{The Base16, Base32, and Base64 Data Encodings}},
    pagetotal = 18,
    year =      2006,
    month =     oct
}

@book{digsig-dummies,
    title       ={Digital Signatures for Dummies, Cryptomathic Special Edition (Custom)},
    author      ={Marshall, S. and Allen, C.},
    isbn        ={9781119422891},
    url         ={https://books.google.it/books?id=32aWzgEACAAJ},
    year        ={2018},
    publisher   ={John Wiley \& Sons, Incorporated}
}

@Inbook{sha-family,
    author=     "Handschuh, Helena",
    title=      "SHA Family (Secure Hash Algorithm)",
    booktitle=  "Encyclopedia of Cryptography and Security",
    year=       "2005",
    publisher=  "Springer US",
    address=    "Boston, MA",
    pages=      "565--567",
    isbn=       "978-0-387-23483-0",
    doi=        "10.1007/0-387-23483-7_388",
    url=        "https://doi.org/10.1007/0-387-23483-7_388"
}

@book{crypto-encyclo,
    editor =    {Henk C. A. Tilborg},
    title =     {Encyclopedia of Cryptography and Security},
    publisher = {Springer New York, NY},
    year =      2005
}

@misc{rfc2104-hmac,
    series =    {Request for Comments},
    number =    2104,
    howpublished =  {RFC 2104},
    publisher = {RFC Editor},
    doi =       {10.17487/RFC2104},
    url =       {https://www.rfc-editor.org/info/rfc2104},
    author =    {Dr. Hugo Krawczyk and Mihir Bellare and Ran Canetti},
    title =     {{HMAC: Keyed-Hashing for Message Authentication}},
    pagetotal = 11,
    year =      1997,
    month =     feb,
    abstract =  {This document describes HMAC, a mechanism for message authentication using cryptographic hash functions. HMAC can be used with any iterative cryptographic hash function, e.g., MD5, SHA-1, in combination with a secret shared key. The cryptographic strength of HMAC depends on the properties of the underlying hash function. This memo provides information for the Internet community. This memo does not specify an Internet standard of any kind},
}

@misc{rfc7515-jws,
    series =    {Request for Comments},
    number =    7515,
    howpublished =  {RFC 7515},
    publisher = {RFC Editor},
    doi =       {10.17487/RFC7515},
    url =       {https://www.rfc-editor.org/info/rfc7515},
    author =    {Michael B. Jones and John Bradley and Nat Sakimura},
    title =     {{JSON Web Signature (JWS)}},
    pagetotal = 59,
    year =      2015,
    month =     may,
    abstract =  {JSON Web Signature (JWS) represents content secured with digital signatures or Message Authentication Codes (MACs) using JSON-based data structures. Cryptographic algorithms and identifiers for use with this specification are described in the separate JSON Web Algorithms (JWA) specification and an IANA registry defined by that specification. Related encryption capabilities are described in the separate JSON Web Encryption (JWE) specification.},
}

@misc{rfc6979-ecdsa,
    series =    {Request for Comments},
    number =    6979,
    howpublished = {RFC 6979},
    publisher = {RFC Editor},
    doi =       {10.17487/RFC6979},
    url =       {https://www.rfc-editor.org/info/rfc6979},
    author =    {Thomas Pornin},
    title =     {{Deterministic Usage of the Digital Signature Algorithm (DSA) and Elliptic Curve Digital Signature Algorithm (ECDSA)}},
    pagetotal = 79,
    year =      2013,
    month =     aug,
    abstract =  {This document defines a deterministic digital signature generation procedure. Such signatures are compatible with standard Digital Signature Algorithm (DSA) and Elliptic Curve Digital Signature Algorithm (ECDSA) digital signatures and can be processed with unmodified verifiers, which need not be aware of the procedure described therein. Deterministic signatures retain the cryptographic security features associated with digital signatures but can be more easily implemented in various environments, since they do not need access to a source of high-quality randomness.},
}

@article{ecdsa,
    doi	    = {10.1007/s102070100002},
    title	= {The Elliptic Curve Digital Signature Algorithm (ECDSA)},
    author	= {Don Johnson; Alfred Menezes; Scott Vanstone},
    journal	= {International Journal of Information Security 2001-aug vol. 1 iss. 1},
    year	= {2001},
    month	= {August},
    volume	= {1},
    issue	= {1},
    page	= {36--63},
}

@book{ecc,
   title =     {Elliptic curves: number theory and cryptography},
   author =    {Lawrence C. Washington},
   publisher = {Chapman and Hall/CRC},
   isbn =      {1420071467; 9781420071467; 9781420071474; 1420071475},
   year =      {2008},
   series =    {Discrete Mathematics and Its Applications},
   edition =   {2},
}

@misc{rfc8032-eddsa,
    series =    {Request for Comments},
    number =    8032,
    howpublished =  {RFC 8032},
    publisher = {RFC Editor},
    doi =       {10.17487/RFC8032},
    url =       {https://www.rfc-editor.org/info/rfc8032},
    author =    {Simon Josefsson and Ilari Liusvaara},
    title =     {{Edwards-Curve Digital Signature Algorithm (EdDSA)}},
    pagetotal = 60,
    year =      2017,
    month =     jan,
    abstract =  {This document describes elliptic curve signature scheme Edwards-curve Digital Signature Algorithm (EdDSA). The algorithm is instantiated with recommended parameters for the edwards25519 and edwards448 curves. An example implementation and test vectors are provided.},
}

@book{practical-crypto,
   title =     {Practical Cryptography for Developers},
   author =    {Svetlin Nakov},
   isbn =      {9786190008705; 6190008704},
   year =      {2019}
}

@InProceedings{twisted-ec,
    author=     "Bernstein, Daniel J. and Birkner, Peter and Joye, Marc and Lange, Tanja and Peters, Christiane",
    editor=     "Vaudenay, Serge",
    title=      {{Twisted Edwards Curves}},
    booktitle=  "Progress in Cryptology -- AFRICACRYPT 2008",
    year=       "2008",
    publisher=  "Springer Berlin Heidelberg",
    address=    "Berlin, Heidelberg",
    pages=      "389--405",
    isbn=       "978-3-540-68164-9"
}

@misc{rfc8017-rsa,
    series =    {Request for Comments},
    number =    8017,
    howpublished = {RFC 8017},
    publisher = {RFC Editor},
    doi =       {10.17487/RFC8017},
    url =       {https://www.rfc-editor.org/info/rfc8017},
    author =    {Kathleen Moriarty and Burt Kaliski and Jakob Jonsson and Andreas Rusch},
    title =     {{PKCS \#1: RSA Cryptography Specifications Version 2.2}},
    pagetotal = 78,
    year =      2016,
    month =     nov,
    abstract =  {This document provides recommendations for the implementation of public-key cryptography based on the RSA algorithm, covering cryptographic primitives, encryption schemes, signature schemes with appendix, and ASN.1 syntax for representing keys and for identifying the schemes. This document represents a republication of PKCS \#1 v2.2 from RSA Laboratories' Public-Key Cryptography Standards (PKCS) series. By publishing this RFC, change control is transferred to the IETF. This document also obsoletes RFC 3447.},
}

@book{omar2017number,
  title={Number Theory Toward RSA Cryptography: In 10 Undergraduate Lectures},
  author={Omar, M.},
  isbn={9781978457461},
  series={Discrete Mathematics Series},
  url={https://books.google.it/books?id=0m0rtAEACAAJ},
  year={2017},
  publisher={CreateSpace Independent Publishing Platform}
}

@book{rsa,
   title =     {RSA Security's official guide to cryptography},
   author =    {Steve Burnett; Stephen Paine; RSA Security},
   publisher = {Osborne/McGraw-Hill},
   isbn =      {0072192259; 9780072192254},
   year =      {2001}
}

@book{jwt-handbook,
    author = {Sebastián E. Peyrott},
    title = {The JWT Handbook},
    publisher = {Auth0 Inc.},
    year = {2016-2018}
}

@misc{rfc7518-jwa,
    series =    {Request for Comments},
    number =    7518,
    howpublished = {RFC 7518},
    publisher = {RFC Editor},
    doi =       {10.17487/RFC7518},
    url =       {https://www.rfc-editor.org/info/rfc7518},
    author =    {Michael B. Jones},
    title =     {{JSON Web Algorithms (JWA)}},
    pagetotal = 69,
    year =      2015,
    month =     may,
    abstract =  {This specification registers cryptographic algorithms and identifiers to be used with the JSON Web Signature (JWS), JSON Web Encryption (JWE), and JSON Web Key (JWK) specifications. It defines several IANA registries for these identifiers.},
}

@misc{boringssl,
    author =    {Google LLC},
    title =     {{BoringSSL}},
    url =       {https://boringssl.googlesource.com/boringssl},
    version =   {latest},
    year =      {2023}
}

@misc{jwtkit-4,
    author =    {Tanner Nelson and Scott Grosch and Tim Condon},
    title =     {{JWTKit v4}},
    url =       {https://github.com/vapor/jwt-kit/tree/v4},
    version =   {4.0.0},
    year =      {2020}
}

@misc{jwtkit,
    author =    {Paul Toffoloni and Tim Condon and Gwynne Raskind},
    title =     {{JWTKit}},
    url =       {https://github.com/vapor/jwt-kit},
    version =   {5.0.0},
    year =      {2024}
}

@misc{dml-proposal,
    author =    {Chris Lattner},
    title =     {{Introduce User-defined "Dynamic Member Lookup" Types}},
    publisher = {Apple Inc.},
    howpublished = {\url{https://github.com/apple/swift-evolution/blob/main/proposals/0195-dynamic-member-lookup.md}},
    note =      {Accessed: 5 Mar 2024},
    year =      2021
}

@misc{package-benchmark,
    author =    {Joakim Hassila},
    title =     {{package-benchmark}},
    url =       {\url{https://github.com/ordo-one/package-benchmark}},
    version =   {1.22.3},
    year =      2022
}

@misc{cloc,
    author =    {Al Danial},
    title =     {cloc},
    url =       {\url{https://github.com/AlDanial/cloc}},
    version =   {2.0.0},
    year =      {2006}
}

@techreport{rsa-algo,
  title = {{Recommendation for Pair-Wise Key Establishment Schemes Using Integer Factorization Cryptography (Revision 2)}},
  author = {{National Institute of Standards and Technology (NIST)}},
  year = {2019},
  institution = {{National Institute of Standards and Technology}},
  type = {{NIST Special Publication}},
  number = {800-56B Rev. 2},
  month = {mar},
  url = {https://nvlpubs.nist.gov/nistpubs/SpecialPublications/NIST.SP.800-56Br2.pdf}
}

@article{chinese-remainder-th,
    author = {Desi Wulansari and Much Aziz Muslim and Endang Sugiharti},
    title = {{Implementation of RSA Algorithm with Chinese Remainder
Theorem for Modulus N 1024 Bit and 4096 Bit}},
    journal = {International Journal of Computer Science and Security (IJCSS)},
    year = 2016
}

@misc{rfc8017-rsapkcs,
    series =    {Request for Comments},
    number =    8017,
    howpublished =  {RFC 8017},
    publisher = {RFC Editor},
    doi =       {10.17487/RFC8017},
    url =       {https://www.rfc-editor.org/info/rfc8017},
    author =    {Kathleen Moriarty and Burt Kaliski and Jakob Jonsson and Andreas Rusch},
    title =     {{PKCS \#1: RSA Cryptography Specifications Version 2.2}},
    pagetotal = 78,
    year =      2016,
    month =     nov,
    abstract =  {This document provides recommendations for the implementation of public-key cryptography based on the RSA algorithm, covering cryptographic primitives, encryption schemes, signature schemes with appendix, and ASN.1 syntax for representing keys and for identifying the schemes. This document represents a republication of PKCS \#1 v2.2 from RSA Laboratories' Public-Key Cryptography Standards (PKCS) series. By publishing this RFC, change control is transferred to the IETF. This document also obsoletes RFC 3447.},
}
